@Manual{citeR,
    title = {R: A Language and Environment for Statistical Computing},
    author = {{R Core Team}},
    organization = {R Foundation for Statistical Computing},
    address = {Vienna, Austria},
    year = {2022},
    url = {https://www.R-project.org/},
  }
  
@Article{citeTidyVerse,
    title = {Welcome to the {tidyverse}},
    author = {Hadley Wickham and Mara Averick and Jennifer Bryan and Winston Chang and Lucy D'Agostino McGowan and Romain François and Garrett Grolemund and Alex Hayes and Lionel Henry and Jim Hester and Max Kuhn and Thomas Lin Pedersen and Evan Miller and Stephan Milton Bache and Kirill Müller and Jeroen Ooms and David Robinson and Dana Paige Seidel and Vitalie Spinu and Kohske Takahashi and Davis Vaughan and Claus Wilke and Kara Woo and Hiroaki Yutani},
    year = {2019},
    journal = {Journal of Open Source Software},
    volume = {4},
    number = {43},
    pages = {1686},
    doi = {10.21105/joss.01686},
  }

@Article{citeSF,
    author = {Edzer Pebesma},
    title = {{Simple Features for R: Standardized Support for Spatial Vector Data}},
    year = {2018},
    journal = {{The R Journal}},
    doi = {10.32614/RJ-2018-009},
    url = {https://doi.org/10.32614/RJ-2018-009},
    pages = {439--446},
    volume = {10},
    number = {1},
  }

@Manual{citeReadXL,
    title = {readxl: Read Excel Files},
    author = {Hadley Wickham and Jennifer Bryan},
    year = {2023},
    note = {R package version 1.4.3},
    url = {https://CRAN.R-project.org/package=readxl},
  }

@InCollection{citeKnitR,
    booktitle = {Implementing Reproducible Computational Research},
    editor = {Victoria Stodden and Friedrich Leisch and Roger D. Peng},
    title = {knitr: A Comprehensive Tool for Reproducible Research in {R}},
    author = {Yihui Xie},
    publisher = {Chapman and Hall/CRC},
    year = {2014},
    note = {ISBN 978-1466561595},
  }

@Manual{citeJanitor,
    title = {janitor: Simple Tools for Examining and Cleaning Dirty Data},
    author = {Sam Firke},
    year = {2023},
    note = {R package version 2.2.0},
    url = {https://CRAN.R-project.org/package=janitor},
  }
  
@Article{citeLubridate,
    title = {Dates and Times Made Easy with {lubridate}},
    author = {Garrett Grolemund and Hadley Wickham},
    journal = {Journal of Statistical Software},
    year = {2011},
    volume = {40},
    number = {3},
    pages = {1--25},
    url = {https://www.jstatsoft.org/v40/i03/},
  }
  
@Manual{citeDplyr,
    title = {dplyr: A Grammar of Data Manipulation},
    author = {Hadley Wickham and Romain François and Lionel Henry and Kirill Müller and Davis Vaughan},
    year = {2023},
    note = {R package version 1.1.3},
    url = {https://CRAN.R-project.org/package=dplyr},
  }

@Manual{citeDataTable,
    title = {data.table: Extension of `data.frame`},
    author = {Tyson Barrett and Matt Dowle and Arun Srinivasan and Jan Gorecki and Michael Chirico and Toby Hocking},
    year = {2024},
    note = {R package version 1.15.0},
    url = {https://CRAN.R-project.org/package=data.table},
  }
  
@Manual{citeRColorBrewer,
    title = {RColorBrewer: ColorBrewer Palettes},
    author = {Erich Neuwirth},
    year = {2022},
    note = {R package version 1.1-3},
    url = {https://CRAN.R-project.org/package=RColorBrewer},
  }
  
@Manual{citeggpubr,
    title = {ggpubr: 'ggplot2' Based Publication Ready Plots},
    author = {Alboukadel Kassambara},
    year = {2023},
    note = {R package version 0.6.0},
    url = {https://CRAN.R-project.org/package=ggpubr},
  }
  
@Book{citeggplot,
    author = {Hadley Wickham},
    title = {ggplot2: Elegant Graphics for Data Analysis},
    publisher = {Springer-Verlag New York},
    year = {2016},
    isbn = {978-3-319-24277-4},
    url = {https://ggplot2.tidyverse.org},
  }
  
@Manual{citearticle,
    title = {Why Did the Best Prepared Country in the World Fare So Poorly during COVID?},
    author = {Jennifer B. Nuzzo and Jorge R. Ledesma},
    year = {2023},
    url = {https://www.aeaweb.org/articles?id=10.1257/jep.37.4.3},
  } 

@Manual{citeHere,
    title = {here: A Simpler Way to Find Your Files},
    author = {Kirill Müller},
    year = {2020},
    note = {R package version 1.0.1},
    url = {https://CRAN.R-project.org/package=here},
    }
    
@Manual{citeScales,
    title = {scales: Scale Functions for Visualization},
    author = {Hadley Wickham and Thomas Lin Pedersen and Dana Seidel},
    year = {2023},
    note = {R package version 1.3.0},
    url = {https://CRAN.R-project.org/package=scales},
  }
  
@Manual{citesource1,
    title = {COVID-19 death rates varied dramatically across US, major analysis finds},
    author = {Dr. Alaa Diab and Dr. Keerthana Kumar},
    publisher = {ABC News},
    year = {2023},
    url = {https://abcnews.go.com/Health/covid-19-death-rates-varied-dramatically-us-major/story?id=98055024},
  }

@Manual{citesource2,
    title = {2020 Election Results by State, Washington},
    publisher = {CNN},
    year = {2020},
    url = {https://www.cnn.com/election/2020/results/state/washington},
  }
  
@Manual{citesource3,
    title = {2020 Election Results by State, Arizona},
    publisher = {CNN},
    year = {2020},
    url = {https://www.cnn.com/election/2020/results/state/arizona},
  }
  
@Manual{citesource4,
    title = {Which States Saw Greatest COVID-19 Mortality?},
    author = {John Parkinson},
    publisher = {ContagionLive},
    year = {2023},
    url = {https://www.contagionlive.com/view/which-states-saw-greatest-covid-19-mortality-},
  }
  
@article{citedata1, 
    title={COVID-19, School Closures, and Outcomes}, 
    volume={37}, url={https://www.jstor.org/stable/pdf/27258125.pdf?refreqid=fastly-default%3A7abef1d10568cd9f34db12503b08c077&ab_segments=0%2Fbasic_search_gsv2%2Fcontrol&origin=&initiator=&acceptTC=1}, 
    DOI={https://doi.org/10.1257/jep.37.4.51}, 
    number={4}, 
    journal={Journal of Economic Perspectives}, 
    author={Jack, Rebecca and Oster, Emily}, 
    year={2023}, 
    month={Nov}, 
    pages={51–70} }
    

@misc{citedata2, 
   title={U.S. COVID-19 death rate by state}, 
   url={https://www.statista.com/statistics/1109011/coronavirus-covid19-death-rates-us-by-state/}, 
   journal={Statista}, 
   author={Elflein, John }, 
   year={2023}, 
   month={Mar} }
   
@Manual{citeKableExtra,
    title = {kableExtra: Construct Complex Table with 'kable' and Pipe Syntax},
    author = {Hao Zhu},
    year = {2024},
    note = {R package version 1.4.0},
    url = {https://CRAN.R-project.org/package=kableExtra},
  }
  
@Manual{citewebshot,
    title = {webshot: Take Screenshots of Web Pages},
    author = {Winston Chang},
    year = {2023},
    note = {R package version 0.5.5},
    url = {https://CRAN.R-project.org/package=webshot},
  }

@Manual{citewebshot2,
    title = {webshot2: Take Screenshots of Web Pages},
    author = {Winston Chang},
    year = {2023},
    note = {R package version 0.1.1},
    url = {https://CRAN.R-project.org/package=webshot2},
  }